@Misc{Impedanz,
key = {Impedanz},
OPTauthor = {author},
title = {Impedanz},
howpublished = {Website Wikipedia},
month = feb,
year = {2013},
note = {\url{http://de.wikipedia.org/wiki/Impedanz} Zugriff: 27.02.2013},
}

@Misc{Leitwert,
key = {Leitwert},
OPTauthor = {author},
title = {Elektrische Leitfähigkeit},
howpublished = {Website Wikipedia},
month = feb,
year = {2013},
note = {\url{http://de.wikipedia.org/wiki/Elektrische\_Leitf\%C3\%A4higkeit} Zugriff: 27.02.2013},
OPTannote = {},
}

@Misc{DCF77Wiki,
key = {DCF77Wiki},
OPTauthor = {author},
title = {DCF77 Beschreibung},
howpublished = {Website Wikipedia},
month = feb,
year = {2013},
note = {\url{http://de.wikipedia.org/wiki/DCF77} Zugriff: 27.02.2013},
OPTannote = {},
}

@Misc{LPC1768,
key = {LPC1768},
OPTauthor = {author},
title = {mbed NXP LPC1768},
howpublished = {Website mbed},
month = {02},
year = {2013},
note = {\url{http://mbed.org/handbook/mbed-NXP-LPC1768} Zugriff: 27.02.2013},
OPTannote = {},
}

@Misc{DCF77,
key = {DCF77},
OPTauthor = {author},
title = {DCF77 Empfängerplatine},
howpublished = {Website Conrad},
month = {02},
year = {2013},
note = {\url{http://www.conrad.de/ce/de/product/641138/C-Control-DCF-Empfaengerplatine} Zugriff: 27.02.2013},
OPTannote = {},
}

@Manual{DCF77Manual,
title = {DCF77 Anschlußanleitung},
key = {DCF77Manual},
OPTauthor = {author},
OPTorganization = {organization},
OPTaddress = {address},
OPTedition = {edition},
month = {02},
year = {2013},
note = {\url{http://www.produktinfo.conrad.com/datenblaetter/625000-649999/641138-an-01-de-Anschlussplan\_DCF\_Empfaengerplatine.pdf} Zugriff: 27.02.2013},
OPTannote = {annote},
}

@Misc{Rain,
key = {Rain},
OPTauthor = {author},
title = {Regensensor CON-REGME-24V},
howpublished = {Website B+B},
month = {02},
year = {2013},
note = {\url{http://www.temperatur-shop.de/index.php?cat=KAT25626\&lang=DEU\&product=187608\&sid78910D081B7F411D80FC469D5E1017A8=216a0700c00c97bf6223cbcdc2a54137} Zugriff: 27.02.2013},
OPTannote = {},
}

@Misc{RTOS,
key = {RTOS},
OPTauthor = {author},
title = {Beschreibung des RTOS},
howpublished = {Website mbed},
month = {02},
year = {2013},
note = {\url{http://mbed.org/handbook/RTOS} Zugriff: 27.02.2013},
OPTannote = {},
}

@Manual{HYTManual,
title = {HYT271 Spezifikation},
key = {HYTManual},
OPTauthor = {author},
OPTorganization = {organization},
OPTaddress = {address},
OPTedition = {edition},
month = {02},
year = {2013},
note = {\url{http://www.hygrochip.com/fileadmin/user_upload/Produkte/Sensorelemente/Digitale_Feuchtesensoren/HYT_271/IST_PDF/DE_HYT271.pdf} Zugriff: 27.02.2013},
OPTannote = {annote},
}

@Misc{I2C,
key = {I2C},
OPTauthor = {author},
title = {Beschreibung des I2C Protokolls},
howpublished = {Website Wikipedia},
month = {02},
year = {2013},
note = {\url{http://de.wikipedia.org/wiki/I\%C2\%B2C} Zugriff: 08.03.2013},
OPTannote = {},
}

@Misc{Mercurial,
key = {Mercurial},
OPTauthor = {author},
title = {Beschreibung des VCS Mercurial},
howpublished = {Website Wikipedia},
month = {02},
year = {2013},
note = {\url{http://de.wikipedia.org/wiki/Mercurial} Zugriff: 08.03.2013},
OPTannote = {},
}